

@InProceedings{MotiianPAD16,
  title =	"Information Bottleneck Learning Using Privileged
		 Information for Visual Recognition",
  author =	"Saeid Motiian and Marco Piccirilli and Donald A.
		 Adjeroh and Gianfranco Doretto",
  publisher =	"IEEE Computer Society",
  year = 	"2016",
  bibdate =	"2017-05-25",
  bibsource =	"DBLP,
		 http://dblp.uni-trier.de/https://doi.org/10.1109/CVPR.2016.166;
		 DBLP,
		 http://dblp.uni-trier.de/db/conf/cvpr/cvpr2016.html#MotiianPAD16",
  booktitle =	"CVPR",
  crossref =	"conf/cvpr/2016",
  ISBN = 	"978-1-4673-8851-1",
  pages =	"1496--1505",
  URL =  	"http://ieeexplore.ieee.org/xpl/mostRecentIssue.jsp?punumber=7776647",
}

@InProceedings{conf/icpr/MatveevG14,
  title =	"Iris Segmentation System Based on Approximate Feature
		 Detection with Subsequent Refinements",
  author =	"Ivan A. Matveev and Konstantin Gankin",
  publisher =	"IEEE Computer Society",
  year = 	"2014",
  bibdate =	"2018-06-19",
  bibsource =	"DBLP,
		 http://dblp.uni-trier.de/https://doi.org/10.1109/ICPR.2014.300;
		 DBLP,
		 http://dblp.uni-trier.de/db/conf/icpr/icpr2014.html#MatveevG14",
  booktitle =	"ICPR",
  crossref =	"conf/icpr/2014",
  ISBN = 	"978-1-4799-5208-3",
  pages =	"1704--1709",
  URL =  	"http://ieeexplore.ieee.org/xpl/mostRecentIssue.jsp?punumber=6966883",
}

@Article{dud:hart72,
  author =	"R. O. Duda and P. E. Hart",
  year = 	"1972",
  title =	"Use of the {Hough} transformation to detect lines and
		 curves in pictures",
  journal =	"Communications of the ACM",
  volume =	"15",
  pages =	"11--15",
  annote =	"imagery",
}

@Article{journals/nn/VapnikV09,
  title =	"A new learning paradigm: Learning using privileged
		 information",
  author =	"Vladimir Vapnik and Akshay Vashist",
  journal =	"Neural Networks",
  year = 	"2009",
  number =	"5-6",
  volume =	"22",
  bibdate =	"2017-05-28",
  bibsource =	"DBLP,
		 http://dblp.uni-trier.de/https://doi.org/10.1016/j.neunet.2009.06.042;
		 DBLP,
		 http://dblp.uni-trier.de/db/journals/nn/nn22.html#VapnikV09",
  pages =	"544--557",
}

@Misc{homepages/185/8102,
  title =	"Home Page",
  author =	"Kedar Tatwawadi and Kedar Shriram Tatwawadi",
  bibdate =	"2018-06-04",
}

